@book{xml,
  title      = {XML : DTD, XML-Schema, XPath, XQuery, XSL-FO, SAX, DOM},
  author     = {Becher, Margit},
  isbn       = {9783658354350},
  address    = {Wiesbaden, Germany},
  publisher  = {Springer Vieweg},
  year       = {2021},
  edition    = {2. Auflage}
}