@online{vec-recomendation,
  title       = {Vehicle Electric Container (VEC)},
  author      = {{prostep ivip, Verband der Automobilindustrie}},
  institution = {{prostep ivip, Verband der Automobilindustrie}},
  year        = {2020},
  url         = {https://www.prostep.org/fileadmin/downloads/PSI_21_vda_4968_VEC_Specification_v1.2_pub_RZ.pdf},
  urldate     = {2023-09-28}
}

@online{about-angular,
  title       = {What is Angular?},
  author      = {{Angular}},
  institution = {{Angular}},
  year        = {2023},
  url         = {https://angular.io/guide/what-is-angular},
  urldate     = {2024-04-24}
}